<record xmlns="http://www.loc.gov/MARC21/slim" xmlns:xsi="http://www.w3.org/2001/XMLSchema-instance" xsi:schemaLocation="http://www.loc.gov/MARC21/slim http://www.loc.gov/standards/marcxml/schema/MARC21slim.xsd">

  <leader>01631nab a2200169   4500</leader>
  <controlfield tag="005">20160331141839.0</controlfield>
  <controlfield tag="008">160119b2008    cr f|||| |||| 00| 0 spa d</controlfield>
  <datafield ind2=" " ind1=" " tag="090">
    <subfield code="a">REVIS 06.02.01</subfield>
  </datafield>
  <datafield ind2=" " ind1="1" tag="100">
    <subfield code="9">1293</subfield>
    <subfield code="a">Campos López, Ronald</subfield>
  </datafield>
  <datafield tag="245" ind1="1" ind2="0">
    <subfield code="a">Sobre una propuesta de lectura de diez cuentos de Hans Christian Andersen /</subfield>
    <subfield code="c">Ronald Campos López</subfield>
  </datafield>
  <datafield ind1=" " ind2=" " tag="260">
    <subfield code="a">San José, Costa Rica : </subfield>
    <subfield code="b">Editorial Universidad de Costa Rica,</subfield>
    <subfield code="c">2009</subfield>
  </datafield>
  <datafield tag="300" ind1=" " ind2=" ">
    <subfield code="a">páginas 15-31</subfield>
  </datafield>
  <datafield ind1=" " ind2=" " tag="520">
    <subfield code="a">Se presenta una propuesta metodológica de lectura de diez cuentos de Hans Christian Andersen, aplicable a una situación de aula de estudiantes de quinto grado de la Escuela de San Rafael de Coronado.  Dicho enfoque se orienta desde una perspectiva del valor pragmático de la literatura, en donde el niño y la niña se constituyan a si mismos como lectores-estudiantes-individuos sociales simultáneamente, a medida que ejecuten su capacidad crítico-analítica, abstracta, simbólica, comparativa, linguística y representativa sobre la discursividad hegemónica de la identidad y en contra de la dogmática función social del abordaje metodológico cotidiano de los textos literarios aún en las aulas costarricenses.  Es por ello que resultan imperativos lecturas y análisis (de) constructivos de textos, literarios propiamente en este caso, los cuales problematicen la institucionalidad del lenguaje en los procesos de enseñanza y aprendizaje</subfield>
  </datafield>
  <datafield ind1="1" ind2="4" tag="650">
    <subfield code="9">1</subfield>
    <subfield code="a">EDUCACIÓN</subfield>
  </datafield>
  <datafield tag="773" ind2=" " ind1="0">
    <subfield code="d">San José, Costa Rica : Editorial de la Universidad de Costa Rica, 1997-</subfield>
    <subfield code="o">R0311</subfield>
    <subfield code="t">EDUCACIÓN: Revista de la Universidad de Costa Rica</subfield>
    <subfield code="g">Vol.33, no.1 (2009)</subfield>
  </datafield>
  <datafield tag="942" ind1=" " ind2=" ">
    <subfield code="2">z</subfield>
    <subfield code="c">10</subfield>
  </datafield>
  <datafield ind1=" " ind2=" " tag="999">
    <subfield code="c">3023</subfield>
    <subfield code="d">3023</subfield>
  </datafield>
</record>